@article{salford40381,
	title        = {Effects of spatial pattern of greenspace on urban cooling in a large metropolitan area of eastern China},
	author       = {F Kong and H Yin and P James and LR Hutyra and HS He},
	year         = 2014,
	journal      = {Landscape and Urban Planning},
	publisher    = {Elsevier},
	volume       = 128,
	pages        = {35--47},
	doi          = {10.1016/j.landurbplan.2014.04.018},
	url          = {http://usir.salford.ac.uk/40381/}
}
@article{NOWAK2014119,
	title        = {Tree and forest effects on air quality and human health in the United States},
	author       = {David J. Nowak and Satoshi Hirabayashi and Allison Bodine and Eric Greenfield},
	year         = 2014,
	journal      = {Environmental Pollution},
	volume       = 193,
	pages        = {119--129},
	doi          = {https://doi.org/10.1016/j.envpol.2014.05.028},
	issn         = {0269-7491},
	url          = {http://www.sciencedirect.com/science/article/pii/S0269749114002395},
	keywords     = {Air pollution removal, Air quality, Ecosystem services, Human mortality, Urban forests}
}
@article{Willis374,
	title        = {The natural capital of city trees},
	author       = {Willis, Katherine J. and Petrokofsky, Gillian},
	year         = 2017,
	journal      = {Science},
	publisher    = {American Association for the Advancement of Science},
	volume       = 356,
	number       = 6336,
	pages        = {374--376},
	doi          = {10.1126/science.aam9724},
	issn         = {0036-8075},
	url          = {http://science.sciencemag.org/content/356/6336/374},
	eprint       = {http://science.sciencemag.org/content/356/6336/374.full.pdf}
}
@article{Busby2016,
	title        = {Fungal endophytes: modifiers of plant disease},
	author       = {Busby, Posy E. and Ridout, Mary and Newcombe, George},
	year         = 2016,
	month        = {Apr},
	day          = {01},
	journal      = {Plant Molecular Biology},
	volume       = 90,
	number       = 6,
	pages        = {645--655},
	doi          = {10.1007/s11103-015-0412-0},
	url          = {https://doi.org/10.1007/s11103-015-0412-0}
}
@article{geneious,
	title        = {Geneious Basic: An integrated and extendable desktop software platform for the organization and analysis of sequence data},
	author       = {Kearse, Matthew and Moir, Richard and Wilson, Amy and Stones-Havas, Steven and Cheung, Matthew and Sturrock, Shane and Buxton, Simon and Cooper, Alex and Markowitz, Sidney and Duran, Chris and Thierer, Tobias and Ashton, Bruce and Meintjes, Peter and Drummond, Alexei},
	year         = 2012,
	journal      = {Bioinformatics},
	volume       = 28,
	number       = 12,
	pages        = {1647--1649},
	doi          = {10.1093/bioinformatics/bts199},
	url          = {+ http://dx.doi.org/10.1093/bioinformatics/bts199},
	eprint       = {/oup/backfile/content_public/journal/bioinformatics/28/12/10.1093/bioinformatics/bts199/2/bts199.pdf}
}
@article{gazis2011,
	title        = {Species delimitation in fungal endophyte diversity studies and its implications in ecological and biogeographic inferences},
	author       = {Romina Gazis and Stephen Rehner and Priscila Chaverri},
	journal      = {Molecular Ecology},
	volume       = 20,
	number       = 14,
	pages        = {3001--3013},
	doi          = {10.1111/j.1365-294X.2011.05110.x},
	url          = {https://onlinelibrary.wiley.com/doi/abs/10.1111/j.1365-294X.2011.05110.x},
	keywords     = {barcode of fungi, fungal biodiversity, genealogical sorting index, genetic markers, species complex, species identification},
	eprint       = {https://onlinelibrary.wiley.com/doi/pdf/10.1111/j.1365-294X.2011.05110.x}
}
@article{MATSUMURA2013191,
	title        = {A comparison of fungal endophytic community diversity in tree leaves of rural and urban temperate forests of Kanto district, eastern Japan},
	author       = {Emi Matsumura and Kenji Fukuda},
	year         = 2013,
	journal      = {Fungal Biology},
	volume       = 117,
	number       = 3,
	pages        = {191--201},
	doi          = {https://doi.org/10.1016/j.funbio.2013.01.007},
	issn         = {1878-6146},
	url          = {http://www.sciencedirect.com/science/article/pii/S1878614613000184},
	keywords     = {β diversity, Endophytic fungal community, Forest isolation, Host specificity, Urbanization}
}
@article{Zimmerman13022,
	title        = {Fungal endophyte communities reflect environmental structuring across a Hawaiian landscape},
	author       = {Zimmerman, Naupaka B. and Vitousek, Peter M.},
	year         = 2012,
	journal      = {Proceedings of the National Academy of Sciences},
	publisher    = {National Academy of Sciences},
	volume       = 109,
	number       = 32,
	pages        = {13022--13027},
	doi          = {10.1073/pnas.1209872109},
	issn         = {0027-8424},
	url          = {http://www.pnas.org/content/109/32/13022},
	eprint       = {http://www.pnas.org/content/109/32/13022.full.pdf}
}
@article{mckenzie1999,
	title        = {Fungi on pohutukawa and other Metrosideros species in New Zealand},
	author       = {E. H. C.   McKenzie  and  P. K.   Buchanan  and  P. R.   Johnston},
	year         = 1999,
	journal      = {New Zealand Journal of Botany},
	publisher    = {Taylor & Francis},
	volume       = 37,
	number       = 2,
	pages        = {335--354},
	doi          = {10.1080/0028825X.1999.9512637},
	url          = {https://doi.org/10.1080/0028825X.1999.9512637},
	eprint       = {https://doi.org/10.1080/0028825X.1999.9512637}
}
@article{tbas,
	title        = {T-BAS: Tree-Based Alignment Selector toolkit for phylogenetic-based placement, alignment downloads and metadata visualization: an example with the Pezizomycotina tree of life},
	author       = {Carbone, Ignazio and White, James B. and Miadlikowska, Jolanta and Arnold, A. Elizabeth and Miller, Mark A. and Kauff, Frank and U'Ren, Jana M. and May, Georgiana and Lutzoni, François},
	year         = 2017,
	journal      = {Bioinformatics},
	volume       = 33,
	number       = 8,
	pages        = {1160--1168},
	doi          = {10.1093/bioinformatics/btw808},
	url          = {http://dx.doi.org/10.1093/bioinformatics/btw808},
	eprint       = {/oup/backfile/content_public/journal/bioinformatics/33/8/10.1093_bioinformatics_btw808/3/btw808.pdf}
}
@manual{vegan,
	title        = {vegan: Community Ecology Package},
	author       = {Jari Oksanen and F. Guillaume Blanchet and Michael Friendly and Roeland Kindt and Pierre Legendre and Dan McGlinn and Peter R. Minchin and R. B. O'Hara and Gavin L. Simpson and Peter Solymos and M. Henry H. Stevens and Eduard Szoecs and Helene Wagner},
	year         = 2018,
	url          = {https://CRAN.R-project.org/package=vegan},
	note         = {R package version 2.4-6}
}
@article{schneider2009new,
	title        = {A new map of global urban extent from MODIS satellite data},
	author       = {Schneider, Annemarie and Friedl, Mark A and Potere, David},
	year         = 2009,
	journal      = {Environmental Research Letters},
	publisher    = {IOP Publishing},
	volume       = 4,
	number       = 4,
	pages        = {044003}
}
@article{alberti2003integrating,
	title        = {Integrating humans into ecology: opportunities and challenges for studying urban ecosystems},
	author       = {Alberti, Marina and Marzluff, John M and Shulenberger, Eric and Bradley, Gordon and Ryan, Clare and Zumbrunnen, Craig},
	year         = 2003,
	journal      = {AIBS Bulletin},
	publisher    = {American Institute of Biological Sciences},
	volume       = 53,
	number       = 12,
	pages        = {1169--1179}
}
@article{mcdonnell2011history,
	title        = {The history of urban ecology},
	author       = {McDonnell, Mark J and Niemel{\"a}, J},
	year         = 2011,
	journal      = {Urban Ecology},
	pages        = 9
}
@article{turner2013plant,
	title        = {The plant microbiome},
	author       = {Turner, Thomas R and James, Euan K and Poole, Philip S},
	year         = 2013,
	journal      = {Genome biology},
	publisher    = {BioMed Central},
	volume       = 14,
	number       = 6,
	pages        = 209
}
@incollection{sukopp1998urban,
	title        = {Urban ecology—scientific and practical aspects},
	author       = {Sukopp, Herbert},
	year         = 1998,
	booktitle    = {Urban ecology},
	publisher    = {Springer},
	pages        = {3--16}
}
@article{oke1973city,
	title        = {City size and the urban heat island},
	author       = {Oke, Tim R},
	year         = 1973,
	journal      = {Atmospheric Environment (1967)},
	publisher    = {Elsevier},
	volume       = 7,
	number       = 8,
	pages        = {769--779}
}
@article{wu2014urban,
	title        = {Urban ecology and sustainability: The state-of-the-science and future directions},
	author       = {Wu, Jianguo},
	year         = 2014,
	journal      = {Landscape and Urban Planning},
	publisher    = {Elsevier},
	volume       = 125,
	pages        = {209--221}
}
@article{david2014diet,
	title        = {Diet rapidly and reproducibly alters the human gut microbiome},
	author       = {David, Lawrence A and Maurice, Corinne F and Carmody, Rachel N and Gootenberg, David B and Button, Julie E and Wolfe, Benjamin E and Ling, Alisha V and Devlin, A Sloan and Varma, Yug and Fischbach, Michael A and others},
	year         = 2014,
	journal      = {Nature},
	publisher    = {Nature Publishing Group},
	volume       = 505,
	number       = 7484,
	pages        = 559
}
@article{kyrpides2016microbiome,
	title        = {Microbiome data science: understanding our microbial planet},
	author       = {Kyrpides, Nikos C and Eloe-Fadrosh, Emiley A and Ivanova, Natalia N},
	year         = 2016,
	journal      = {Trends in microbiology},
	publisher    = {Elsevier},
	volume       = 24,
	number       = 6,
	pages        = {425--427}
}
@article{schlaeppi2015plant,
	title        = {The plant microbiome at work},
	author       = {Schlaeppi, Klaus and Bulgarelli, Davide},
	year         = 2015,
	journal      = {Molecular Plant-Microbe Interactions},
	publisher    = {Am Phytopath Society},
	volume       = 28,
	number       = 3,
	pages        = {212--217}
}
@article{cavaglieri2009rhizosphere,
	title        = {Rhizosphere microbial community structure at different maize plant growth stages and root locations},
	author       = {Cavaglieri, Lilia and Orlando, Julieta and Etcheverry, Miriam},
	year         = 2009,
	journal      = {Microbiological research},
	publisher    = {Elsevier},
	volume       = 164,
	number       = 4,
	pages        = {391--399}
}
@article{gaiero2013inside,
	title        = {Inside the root microbiome: bacterial root endophytes and plant growth promotion},
	author       = {Gaiero, Jonathan R and McCall, Crystal A and Thompson, Karen A and Day, Nicola J and Best, Anna S and Dunfield, Kari E},
	year         = 2013,
	journal      = {American journal of botany},
	publisher    = {Wiley Online Library},
	volume       = 100,
	number       = 9,
	pages        = {1738--1750}
}
@article{carroll1988fungal,
	title        = {Fungal endophytes in stems and leaves: from latent pathogen to mutualistic symbiont},
	author       = {Carroll, George},
	year         = 1988,
	journal      = {Ecology},
	publisher    = {Wiley Online Library},
	volume       = 69,
	number       = 1,
	pages        = {2--9}
}
@article{clay1988fungal,
	title        = {Fungal endophytes of grasses: a defensive mutualism between plants and fungi},
	author       = {Clay, Keith},
	year         = 1988,
	journal      = {Ecology},
	publisher    = {Wiley Online Library},
	volume       = 69,
	number       = 1,
	pages        = {10--16}
}
@article{arnold2003fungal,
	title        = {Fungal endophytes limit pathogen damage in a tropical tree},
	author       = {Arnold, A Elizabeth and Mej{\'\i}a, Luis Carlos and Kyllo, Damond and Rojas, Enith I and Maynard, Zuleyka and Robbins, Nancy and Herre, Edward Allen},
	year         = 2003,
	journal      = {Proceedings of the National Academy of Sciences},
	publisher    = {National Acad Sciences},
	volume       = 100,
	number       = 26,
	pages        = {15649--15654}
}
@article{arnold2007diversity,
	title        = {Diversity and host range of foliar fungal endophytes: are tropical leaves biodiversity hotspots?},
	author       = {Arnold, A Elizabeth and Lutzoni, Francois},
	year         = 2007,
	journal      = {Ecology},
	publisher    = {Wiley Online Library},
	volume       = 88,
	number       = 3,
	pages        = {541--549}
}
@article{andrews2000ecology,
	title        = {The ecology and biogeography of microorganisms on plant surfaces},
	author       = {Andrews, John H and Harris, Robin F},
	year         = 2000,
	journal      = {Annual review of phytopathology},
	publisher    = {Annual Reviews 4139 El Camino Way, PO Box 10139, Palo Alto, CA 94303-0139, USA},
	volume       = 38,
	number       = 1,
	pages        = {145--180}
}
@article{uren2012a,
	title        = {Host and geographic structure of endophytic and endolichenic fungi at a continental scale},
	author       = {U'Ren, Jana M and Lutzoni, F and Miadlikowska, J and Laetsch, A D and Arnold, A Elizabeth},
	year         = 2012,
	journal      = {American Journal of Botany},
	location     = {},
	volume       = 99,
	number       = 5,
	pages        = {898--914},
	abstract     = {},
	keywords     = {}
}
@article{schoch2012nuclear,
	title        = {Nuclear ribosomal internal transcribed spacer (ITS) region as a universal DNA barcode marker for Fungi},
	author       = {Schoch, Conrad L and Seifert, Keith A and Huhndorf, Sabine and Robert, Vincent and Spouge, John L and Levesque, C Andr{\'e} and Chen, Wen and Bolchacova, Elena and Voigt, Kerstin and Crous, Pedro W and others},
	year         = 2012,
	journal      = {Proceedings of the National Academy of Sciences},
	publisher    = {National Acad Sciences},
	volume       = 109,
	number       = 16,
	pages        = {6241--6246}
}
@article{schloss2009introducing,
	title        = {Introducing mothur: open-source, platform-independent, community-supported software for describing and comparing microbial communities},
	author       = {Schloss, Patrick D and Westcott, Sarah L and Ryabin, Thomas and Hall, Justine R and Hartmann, Martin and Hollister, Emily B and Lesniewski, Ryan A and Oakley, Brian B and Parks, Donovan H and Robinson, Courtney J and others},
	year         = 2009,
	journal      = {Applied and environmental microbiology},
	publisher    = {Am Soc Microbiol},
	volume       = 75,
	number       = 23,
	pages        = {7537--7541}
}
@article{vaz2014fungal,
	title        = {Fungal endophyte $\beta$-diversity associated with Myrtaceae species in an Andean Patagonian forest (Argentina) and an Atlantic forest (Brazil)},
	author       = {Vaz, Aline BM and Fontenla, Sonia and Rocha, Fernando S and Brand{\~a}o, Luciana R and Vieira, Mariana LA and De Garcia, Virginia and G{\'o}es-Neto, Arist{\'o}teles and Rosa, Carlos A},
	year         = 2014,
	journal      = {Fungal Ecology},
	publisher    = {Elsevier},
	volume       = 8,
	pages        = {28--36}
}
@article{afzal2014endophytic,
	title        = {Endophytic bacteria: prospects and applications for the phytoremediation of organic pollutants},
	author       = {Afzal, Muhammad and Khan, Qaiser M and Sessitsch, Angela},
	year         = 2014,
	journal      = {Chemosphere},
	publisher    = {Elsevier},
	volume       = 117,
	pages        = {232--242}
}
@article{taylor_hyde_jones_1999,
	title        = {Endophytic fungi associated with the temperate palm, Trachycarpus fortunei, within and outside its natural geographic range},
	author       = {Taylor, J. E. and Hyde, K. D. and Jones, E. B. G.},
	year         = 1999,
	journal      = {New Phytologist},
	publisher    = {Cambridge University Press},
	volume       = 142,
	number       = 2,
	pages        = {335–346}
}
@manual{r-citation,
	title        = {R: A Language and Environment for Statistical Computing},
	author       = {{R Core Team}},
	year         = 2018,
	address      = {Vienna, Austria},
	url          = {https://www.R-project.org/},
	organization = {R Foundation for Statistical Computing}
}
@article{meyer2012microbiology,
	title        = {Microbiology of the phyllosphere: a playground for testing ecological concepts},
	author       = {Meyer, Katrin M and Leveau, Johan HJ},
	year         = 2012,
	journal      = {Oecologia},
	publisher    = {Springer},
	volume       = 168,
	number       = 3,
	pages        = {621--629}
}
@article{hallmann1997bacterial,
	title        = {Bacterial endophytes in agricultural crops},
	author       = {Hallmann, J and Quadt-Hallmann, A and Mahaffee, WF and Kloepper, JW},
	year         = 1997,
	journal      = {Canadian Journal of Microbiology},
	publisher    = {NRC Research Press},
	volume       = 43,
	number       = 10,
	pages        = {895--914}
}
@article{doi:10.1080/0028825X.1999.9512637,
	title        = {Fungi on pohutukawa and other Metrosideros species in New Zealand},
	author       = {E. H. C.   McKenzie  and  P. K.   Buchanan  and  P. R.   Johnston},
	year         = 1999,
	journal      = {New Zealand Journal of Botany},
	publisher    = {Taylor & Francis},
	volume       = 37,
	number       = 2,
	pages        = {335--354},
	doi          = {10.1080/0028825X.1999.9512637},
	url          = {https://doi.org/10.1080/0028825X.1999.9512637},
	eprint       = {https://doi.org/10.1080/0028825X.1999.9512637}
}
@article{crous2019new,
	title        = {New and interesting fungi. 2},
	author       = {Crous, PW and Schumacher, Ren{\'e} K and Akulov, A and Thangavel, R and Hern{\'a}ndez-Restrepo, M and Carnegie, AJ and Cheewangkoon, Ratchadawan and Wingfield, Michael J and Summerell, Brett A and Quaedvlieg, W and others},
	year         = 2019,
	journal      = {Fungal Systematics and Evolution},
	publisher    = {Westerdijk Fungal Biodiversity Institute},
	volume       = 3,
	pages        = 57
}
@article{gadgil2006fungi,
	title        = {Fungi silvicolae novazelandiae: 6},
	author       = {Gadgil, PD and Dick, MARGARET},
	year         = 2006,
	journal      = {New Zealand Journal of Forestry Science},
	publisher    = {NEW ZEALAND FOREST RESEARCH INSTITUTE},
	volume       = 36,
	number       = 1,
	pages        = 3
}
@article{johnston2019blastacervulus,
	title        = {Blastacervulus metrosideri sp. nov. leaf spot on Metrosideros excelsa in New Zealand},
	author       = {Johnston, PR and Park, D},
	year         = 2019,
	journal      = {Fungal Systematics and Evolution},
	publisher    = {Westerdijk Fungal Biodiversity Institute},
	volume       = 3,
	pages        = 165
}
@article{johnston2019new,
	title        = {New species of Marthamyces and Ramomarthamyces gen. nov. from New Zealand and the Cook Islands},
	author       = {Johnston, Peter R and Park, Duckchul},
	year         = 2019,
	journal      = {Mycotaxon},
	publisher    = {Mycotaxon},
	volume       = 134,
	number       = 3,
	pages        = {489--516}
}
@article{crous2018fungal,
	title        = {Fungal Planet description sheets: 716--784},
	author       = {Crous, Pedro Willem and Wingfield, Michael J and Burgess, TI and Hardy, GE St J and Gen{\'e}, Josepa and Guarro, Josep and Baseia, Iuri Goulart and Garc{\'\i}a, D and Gusm{\~a}o, LFP and Souza-Motta, CM and others},
	year         = 2018,
	journal      = {Persoonia: Molecular Phylogeny and Evolution of Fungi},
	publisher    = {Westerdijk Fungal Biodiversity Institute},
	volume       = 40,
	pages        = 240
}
@article{johnston2021brahmaculus,
	title        = {Brahmaculus gen. nov.(Leotiomycetes, Chlorociboriaceae)},
	author       = {Johnston, Peter R and Park, Duckchul and Smith, Matthew E and Mujic, Alija B and May, Tom W},
	year         = 2021,
	journal      = {MycoKeys},
	publisher    = {Pensoft Publishers},
	volume       = 80,
	pages        = 19
}
